<?xml version="1.0" encoding="UTF-8"?><collection><record><leader>05518ntm a2200541 a 4500</leader><controlfield tag="001">006806244</controlfield><controlfield tag="003">MiAaHDL</controlfield><controlfield tag="005">20190719000000.0</controlfield><controlfield tag="006">m        d        </controlfield><controlfield tag="007">cr bn ---auaua</controlfield><controlfield tag="008">090602s1576    xx            00| ||ara d</controlfield><datafield tag="035" ind1=" " ind2=" "><subfield code="a">(MiU)006806244</subfield></datafield><datafield tag="035" ind1=" " ind2=" "><subfield code="a">sdr-miu006806244</subfield></datafield><datafield tag="040" ind1=" " ind2=" "><subfield code="a">MiU</subfield><subfield code="c">MiU</subfield><subfield code="e">amremm</subfield></datafield><datafield tag="043" ind1=" " ind2=" "><subfield code="a">n-us-mi</subfield></datafield><datafield tag="100" ind1="1" ind2=" "><subfield code="6">880-01</subfield><subfield code="a">Dānī, ‘Uthmān ibn Sa’īd,</subfield><subfield code="d">981 or 2-1053.</subfield></datafield><datafield tag="245" ind1="1" ind2="0"><subfield code="6">880-03</subfield><subfield code="a">Kitāb Abī ʻAmr Dānī,</subfield><subfield code="f">[984, i.e. 1576].</subfield></datafield><datafield tag="246" ind1="3" ind2=" "><subfield code="i">Edge title (head):</subfield><subfield code="a">قراءات دانى</subfield></datafield><datafield tag="260" ind1=" " ind2=" "><subfield code="c">[1576].</subfield></datafield><datafield tag="300" ind1=" " ind2=" "><subfield code="a">148 leaves :</subfield><subfield code="b">paper ;</subfield><subfield code="c">202 x 155 (153 x 103) mm.</subfield></datafield><datafield tag="500" ind1=" " ind2=" "><subfield code="a">Shelfmark: Ann Arbor, University of Michigan, Special Collections Library, Isl. Ms. 475</subfield></datafield><datafield tag="500" ind1=" " ind2=" "><subfield code="a">Origin: As appears in colophon on p.293, transcription completed 25 Shaʻbān 984 [ca. 17 November 1576]. Opening section (through p.38) supplied on replacement leaves may be of 16th or 17th century.</subfield></datafield><datafield tag="500" ind1=" " ind2=" "><subfield code="a">Accompanying materials: a. Acquisitions slip from Yahuda -- b. Inventory cataloguing slip in hand of Winifred Smeaton Thomas.</subfield></datafield><datafield tag="500" ind1=" " ind2=" "><subfield code="a">Former shelfmark: From inner front cover and spine label, "IL 274" (likely supplied by Yahuda, see acquisitions slip).</subfield></datafield><datafield tag="500" ind1=" " ind2=" "><subfield code="a">Binding: Pasteboards covered in now dull yellow laid paper with dark brown leather over spine and edges/turn-ins (framed binding) ; Type III binding (without flap) ; board linings in pink laid paper ; sewn in very dark brown or black thread, two stations ; worked endbands in dark brown or black and cream or dull pink thread, fair condition with some losses, core exposed ; overall in somewhat poor condition with significant abrasion and staining, some lifting and losses of leather and paper, delamination of boards, etc. ; ill-fitting (small).</subfield></datafield><datafield tag="500" ind1=" " ind2=" "><subfield code="a">Support: European laid paper mainly with 9 laid lines per cm. (vertical), chain lines spaced 28 mm. apart (horizontal), and crossbow watermark (see p.128, 133, 208, 213, etc.), sturdy and well-burnished ; opening added / replacement section on yellow-tinted laid paper (with "GFA" and lion in scrollwork watermark) and untinted wove paper ; staining.</subfield></datafield><datafield tag="500" ind1=" " ind2=" "><subfield code="a">Decoration: Keywords, headings and abbreviation symbols rubricated ; from p.39 to close, written area (and tabular compartments within) outlined in red rule-border.</subfield></datafield><datafield tag="500" ind1=" " ind2=" "><subfield code="a">Script: Naskh ; two main clear Turkish hands ; opening through p.38 (added / replacement section) in an elegant Ottoman naskh, partially seriffed with right-sloping head-serifs on ascenders other than alif, effect of tilt to the left, curvilinear descenders ; from p.39 to close, mainly serifless with effect of tilt to the left, varying in elongation of horizontal strokes, sweeping descenders, etc.</subfield></datafield><datafield tag="500" ind1=" " ind2=" "><subfield code="a">Layout: Written area divided to tabular form, a four by six grid of 24 compartments with roughly 3 or4 lines of text in each compartment.</subfield></datafield><datafield tag="500" ind1=" " ind2=" "><subfield code="a">Collation: V (10), II (14), II+1 (19), 3 V(49), III (55), II+1 (60), 2 V(80), II (84), 2 III (96), II (100), 4 V(140), IV (148), i ; chiefly quinions ; final leaves ruled but left blank ; catchwords present ; pagination in pencil, Western numerals, supplied during digitization (includes back flyleaf).</subfield></datafield><datafield tag="500" ind1=" " ind2=" "><subfield code="a">Colophon: "Scribal," reads "وكان الفراغ من تحرير هذا الكتاب يوم الجمعة قبل العصر خمسة وعشرين من شهر شعبان المعظم سنة اربع وثمانين وتسعمائة اللهم ارحم مؤلفه وكاتبه وقارئه وصاحبه ومن نظر فيه ودعا لهم وجميع المؤمنين والمؤمنات امين يا قاضي الحاجات بحرمة محمد عليه السلام والصلوة والحمد لله رب العاليم"</subfield></datafield><datafield tag="500" ind1=" " ind2=" "><subfield code="a">Explicit: "سورة الناس بسم الله الرحمن الرحيم قل اعوذ برب الناس ملك الناس اله الناس امال الناس المجرور كلا والباقون بالفتح تم تمت بعون الله وحسن توفيقه وصلى الله على سيدنا محمد وعلى اله واصحابه اجمعين"</subfield></datafield><datafield tag="500" ind1=" " ind2=" "><subfield code="a">Incipit: "ملك بالقصر الرحمن الرحيم ملك وميم الرحيم اظهر مع القصر بعده امينا دليلا كافيا فائضا ..."</subfield></datafield><datafield tag="500" ind1=" " ind2=" "><subfield code="a">Title from inscription on front flyleaf (p.1).</subfield></datafield><datafield tag="500" ind1=" " ind2=" "><subfield code="a">Ms. codex.</subfield></datafield><datafield tag="510" ind1="4" ind2=" "><subfield code="a">Brit. Mus. Suppl.</subfield><subfield code="c">84</subfield></datafield><datafield tag="510" ind1="4" ind2=" "><subfield code="a">Ḥājjī Khalīfah. Kashf al-ẓunūn,</subfield><subfield code="c">ii 487</subfield></datafield><datafield tag="510" ind1="4" ind2=" "><subfield code="a">Brockelmann, C. GAL,</subfield><subfield code="c">I 407</subfield></datafield><datafield tag="520" ind1="8" ind2=" "><subfield code="a">Fine (though apprently acephalous) copy of a work pertaining to Qurʼānic readings (qirāʼāt) consisting of analysis of the verses in tabular form, attributed to Abū ʻAmr ʻUthmān ibn Saʻīd al-Dānī (d.1053).</subfield></datafield><datafield tag="538" ind1=" " ind2=" "><subfield code="a">Mode of access: Internet.</subfield></datafield><datafield tag="541" ind1=" " ind2=" "><subfield code="a">Acquired in 1926 from the bookseller Isaac Benjamin S.E. Yahuda via purchase transacted on his behalf by Abraham Shalom Yahuda (1877-1951), his younger brother.</subfield></datafield><datafield tag="546" ind1=" " ind2=" "><subfield code="a">Arabic.</subfield></datafield><datafield tag="561" ind1=" " ind2=" "><subfield code="a">Occasional glosses and corrections ; excerpts and what may be three death notices on back flyleaf (p.298).</subfield></datafield><datafield tag="630" ind1="0" ind2="0"><subfield code="a">Qurʼan</subfield><subfield code="x">Readings</subfield><subfield code="v">Early works to 1800.</subfield></datafield><datafield tag="650" ind1=" " ind2="0"><subfield code="a">Manuscripts, Arabic</subfield><subfield code="z">Michigan</subfield><subfield code="z">Ann Arbor.</subfield></datafield><datafield tag="773" ind1="0" ind2=" "><subfield code="a">Yahuda Collection.</subfield></datafield><datafield tag="880" ind1="1" ind2="0"><subfield code="6">245-03/</subfield><subfield code="a">كتاب ابي عمرو داني,</subfield><subfield code="f">[984ه، 1576م].</subfield></datafield><datafield tag="880" ind1="1" ind2=" "><subfield code="6">100-01/</subfield><subfield code="a">داني، عثمان ابن سعيد.</subfield></datafield><datafield tag="CID" ind1=" " ind2=" "><subfield code="a">006806244</subfield></datafield><datafield tag="DAT" ind1="0" ind2=" "><subfield code="a">20190719102637.0</subfield><subfield code="b">20190719000000.0</subfield></datafield><datafield tag="DAT" ind1="1" ind2=" "><subfield code="a">20190719090653.0</subfield><subfield code="b">2019-07-19T16:11:34Z</subfield></datafield><datafield tag="DAT" ind1="2" ind2=" "><subfield code="a">2015-10-02T18:00:03Z</subfield></datafield><datafield tag="CAT" ind1=" " ind2=" "><subfield code="a">SDR-MIU</subfield><subfield code="d">EX LIBRIS - ALEPH</subfield><subfield code="l">prepare.pl-004-008</subfield></datafield><datafield tag="FMT" ind1=" " ind2=" "><subfield code="a">BK</subfield></datafield><datafield tag="HOL" ind1=" " ind2=" "><subfield code="0">sdr-miu006806244</subfield><subfield code="a">MiU</subfield><subfield code="b">SDR</subfield><subfield code="c">MIU</subfield><subfield code="p">mdp.39015079127810</subfield><subfield code="s">MIU</subfield><subfield code="1">006806244</subfield></datafield><datafield tag="974" ind1=" " ind2=" "><subfield code="b">MIU</subfield><subfield code="c">MIU</subfield><subfield code="d">20190719</subfield><subfield code="s">lit-dlps-dc</subfield><subfield code="u">mdp.39015079127810</subfield><subfield code="y">1576</subfield><subfield code="r">pd</subfield><subfield code="q">bib</subfield><subfield code="t">non-US bib date1 &lt; 1879</subfield></datafield></record></collection>